% This file was created with JabRef 2.4.2.
% Encoding: GBK

@BOOK{Wallach1988,
  title = {Real reductive groups I},
  publisher = {Academic Press, Inc., Boston},
  year = {1988},
  author = {Nolan R. Wallach},
  volume = {132},
  pages = {412},
  series = {Pure and applied mathematics},
  owner = {hoxide},
  timestamp = {2009.03.24},
  url = {http://www.ams.org/mathscinet-getitem?mr=929683}
}

@ARTICLE{Wallach1984,
  author = {Wallach, Nolan R.},
  title = {On the unitarizability of derived functor modules},
  journal = {Inventiones Mathematicae},
  year = {1984},
  volume = {78},
  pages = {131--141},
  number = {1},
  month = feb,
  owner = {hoxide},
  timestamp = {2009.03.24},
  url = {http://dx.doi.org/10.1007/BF01388720}
}

