% This file was created with JabRef 2.4.2.
% Encoding: GBK

@ARTICLE{Howe1989,
  author = {Howe, Roger E.},
  title = {Transcending classical invariant theory},
  journal = {Journal of the American Mathematical Society},
  year = {1989},
  volume = {2},
  pages = {535¨C552},
  owner = {hoxide},
  timestamp = {2009.03.25}
}

@ARTICLE{Li1989,
  author = {Li, Jian-Shu},
  title = {Singular unitary representations of classical groups},
  journal = {Inventiones Mathematicae},
  year = {1989},
  volume = {97},
  pages = {237--255},
  number = {2},
  month = jun,
  owner = {hoxide},
  timestamp = {2009.03.25},
  url = {http://dx.doi.org/10.1007/BF01389041}
}

@BOOK{Wallach1988,
  title = {Real reductive groups I},
  publisher = {Academic Press, Inc., Boston},
  year = {1988},
  author = {Nolan R. Wallach},
  volume = {132},
  pages = {412},
  series = {Pure and applied mathematics},
  owner = {hoxide},
  timestamp = {2009.03.24},
  url = {http://www.ams.org/mathscinet-getitem?mr=929683}
}

@ARTICLE{Wallach1984,
  author = {Wallach, Nolan R.},
  title = {On the unitarizability of derived functor modules},
  journal = {Inventiones Mathematicae},
  year = {1984},
  volume = {78},
  pages = {131--141},
  number = {1},
  month = feb,
  owner = {hoxide},
  timestamp = {2009.03.24},
  url = {http://dx.doi.org/10.1007/BF01388720}
}

@ARTICLE{Zhu2004,
  author = {Nolan R. Wallach and Chen-Bo Zhu},
  title = {Transfer of Unitary Representations},
  journal = { Asian J. Math.},
  year = {2004},
  volume = {8},
  pages = {861-880},
  number = {4},
  owner = {hoxide},
  timestamp = {2009.03.25}
}

